<?xml version="1.0" encoding="UTF-8"?><collection><record><leader>05391ntm a2200601 a 4500</leader><controlfield tag="001">006819143</controlfield><controlfield tag="003">MiAaHDL</controlfield><controlfield tag="005">20190719000000.0</controlfield><controlfield tag="006">m        d        </controlfield><controlfield tag="007">cr bn ---auaua</controlfield><controlfield tag="008">090616s193u    xx            00| ||ara d</controlfield><datafield tag="035" ind1=" " ind2=" "><subfield code="a">(MiU)006819143</subfield></datafield><datafield tag="035" ind1=" " ind2=" "><subfield code="a">sdr-miu006819143</subfield></datafield><datafield tag="040" ind1=" " ind2=" "><subfield code="a">MiU</subfield><subfield code="c">MiU</subfield><subfield code="e">amremm</subfield></datafield><datafield tag="043" ind1=" " ind2=" "><subfield code="a">n-us-mi</subfield></datafield><datafield tag="245" ind1="0" ind2="0"><subfield code="6">880-03</subfield><subfield code="a">[Madkhal ilá al-falsafah al-ḥadīthah al-maʻa Makātīb ʻAbd al-Bahāʼ,</subfield><subfield code="f">193-?].</subfield></datafield><datafield tag="246" ind1="3" ind2="8"><subfield code="a">مدخل الفلسفة الحديثة</subfield></datafield><datafield tag="260" ind1=" " ind2=" "><subfield code="c">[193-?].</subfield></datafield><datafield tag="300" ind1=" " ind2=" "><subfield code="a">21, 1, 103 leaves :</subfield><subfield code="b">paper ;</subfield><subfield code="c">265-310 x 210 mm. bound to 321 x 222 mm.</subfield></datafield><datafield tag="500" ind1=" " ind2=" "><subfield code="a">Shelfmark: Ann Arbor, University of Michigan, Special Collections Library, Isl. Ms. 913</subfield></datafield><datafield tag="500" ind1=" " ind2=" "><subfield code="a">Origin: Lacks dated colophon ; both texts likely copied in Egypt in the late 1930s and at some stage bound together for James Heyworth-Dunne (d.1974).</subfield></datafield><datafield tag="500" ind1=" " ind2=" "><subfield code="a">Former shelfmark: Mich. Isl. Ms. temp. no. 62</subfield></datafield><datafield tag="500" ind1=" " ind2=" "><subfield code="a">Binding: Boards covered in dark green cloth with dark green leather over spine (quarter binding) ; pastedowns and flyleaves in wove paper printed with a floral vegetal pattern in green ; spine gold-stamped with title and decorative accents over raised bands "مدخل الفلسفة الحديثة | J.H.D." ; sewing difficult to examine ; stuck-on endbands (blue and white stripe) ; overall in fairly good condition.</subfield></datafield><datafield tag="500" ind1=" " ind2=" "><subfield code="a">Support: Each section in a distinct type of paper ; section carrying opening work mainly on a coated laid paper stamped "محل محمود محمد الوكيل وفرحات ابراهيم بمصر" with a few sheets of lined wove paper mixed in ; section carrying second work on lined / ruled wove paper.</subfield></datafield><datafield tag="500" ind1=" " ind2=" "><subfield code="a">Script: Ruqʻah ; two quick, modern hands in a medium to bold line ; serifless and freely ligatured with mainly closed counters, slight effect of words descending to baseline, pointing somewhat careless and in strokes rather than distinct dots.</subfield></datafield><datafield tag="500" ind1=" " ind2=" "><subfield code="a">Layout: Written in mainly 16 and 26 lines per page.</subfield></datafield><datafield tag="500" ind1=" " ind2=" "><subfield code="a">Collation: Two distinct sections, each carrying a work, now bound together ; foliation in black ink, Hindu-Arabic numerals in opening section carrying Min Makātīb ʻAbd al-Bahāʼ which has verso of each leaf left blank ; opening leaf of a draft of another text on modern philosophy (see Isl. Ms. 916) mistakenly inserted after the opening leaf of the Bahai text (see p.3) ; pages between sections of second work (Madkhal al-falsafah al-ḥadīthah) left fully or partially blank to serve as 'title pages' (see pp.45, 65, 85, 105, 125, 145, 161 ), irregular internal pagination, Hindu-Arabic numerals, in some sections ; pagination in pencil (entire volume), Western numerals, supplied during digitization.</subfield></datafield><datafield tag="500" ind1=" " ind2=" "><subfield code="a">Explicit: "وللمنطق وضع كتابه المعروف رسالة القوة العاقلة البشرية وكتاب المدعو عن مسلك القوة العاقلة"</subfield></datafield><datafield tag="500" ind1=" " ind2=" "><subfield code="a">Incipit: "مدخل الفلسفة الحديثة مذهب التحقيق الحديث مقدمة ان المصاعب التي تحيط بمهمة تقديم صورة شاملة عن مذهب التحقيق الحديث في مقام رقيق ومجال ضيق ... خطيرة جدا والسبب في ذلك غالبا هو ان مذهب التحقيق ليس كلا من تعليم منظم ..."</subfield></datafield><datafield tag="500" ind1=" " ind2=" "><subfield code="a">Title from opening on p.3.</subfield></datafield><datafield tag="500" ind1=" " ind2=" "><subfield code="a">Ms. composite codex.</subfield></datafield><datafield tag="505" ind1="0" ind2=" "><subfield code="a">4. p.45-249 : [Madkhal ilá al-falsafah al-ḥadīthah].</subfield></datafield><datafield tag="505" ind1="0" ind2=" "><subfield code="a">3. p.44 : [blank].</subfield></datafield><datafield tag="505" ind1="0" ind2=" "><subfield code="a">2. p.3 : [opening leaf of a draft copy of Madkhal al-falsafah al-ḥadīthah, the rest of which has been bound in Isl. Ms. 916].</subfield></datafield><datafield tag="505" ind1="0" ind2=" "><subfield code="a">1. p.1, 5-43 : [Min Makātīb ʻAbd al-Bahāʼ] / ʻAbduʼl-Bahá.</subfield></datafield><datafield tag="510" ind1="4" ind2=" "><subfield code="a">Bausani, A. and D. MacEoin. "ʿABD-AL-BAHĀʾ." In Encyclopædia Iranica, I/1, 1012-104</subfield><subfield code="c">(also available online)</subfield></datafield><datafield tag="520" ind1="8" ind2=" "><subfield code="a">Careful copy of an anonymous text on modern philosophy (compare texts in Isl. Ms. 908 v.2 and Isl. Ms. 916) with a selection from the letters of ʻAbd al-Bahāʼ ʻAbbās Afandī (d.1921) bound in preceding it.</subfield></datafield><datafield tag="538" ind1=" " ind2=" "><subfield code="a">Mode of access: Internet.</subfield></datafield><datafield tag="541" ind1=" " ind2=" "><subfield code="a">Acquired in the Fall of 1950.</subfield></datafield><datafield tag="546" ind1=" " ind2=" "><subfield code="a">Arabic.</subfield></datafield><datafield tag="561" ind1=" " ind2=" "><subfield code="a">On upper pastedown label with ex libris of James Heyworth-Dunne (d.1974), stamped with inventory number, "Ex Libris | J. Heyworth-Dunne | D. Lit. (London) | No 7951" ; UM Library inscription on p.1 "Dunning | Heyworth-Dunne | 6-13-51 | 71955" ; glosses and marginal corrections.</subfield></datafield><datafield tag="650" ind1=" " ind2="0"><subfield code="a">Manuscripts, Arabic</subfield><subfield code="z">Michigan</subfield><subfield code="z">Ann Arbor.</subfield></datafield><datafield tag="650" ind1=" " ind2="0"><subfield code="a">Philosophy, Modern.</subfield></datafield><datafield tag="650" ind1=" " ind2="0"><subfield code="a">Bahai Faith.</subfield></datafield><datafield tag="700" ind1="1" ind2=" "><subfield code="a">Heyworth-Dunne, J.</subfield><subfield code="q">(James),</subfield><subfield code="e">former owner.</subfield></datafield><datafield tag="700" ind1="0" ind2="2"><subfield code="6">880-07</subfield><subfield code="a">ʻAbduʼl-Bahá,</subfield><subfield code="d">1844-1921.</subfield><subfield code="t">Correspondence.</subfield><subfield code="k">Selections.</subfield></datafield><datafield tag="740" ind1="0" ind2="2"><subfield code="6">880-09</subfield><subfield code="a">من مكاتيب عبد البهاء</subfield></datafield><datafield tag="740" ind1="0" ind2="2"><subfield code="6">880-08</subfield><subfield code="a">مكاتيب عبد البهاء</subfield></datafield><datafield tag="773" ind1="0" ind2=" "><subfield code="a">Heyworth-Dunne Collection.</subfield></datafield><datafield tag="880" ind1="0" ind2="2"><subfield code="6">740-09/</subfield><subfield code="a">Min Makātīb ʻAbd al-Bahāʼ</subfield></datafield><datafield tag="880" ind1="0" ind2="2"><subfield code="6">740-08/</subfield><subfield code="a">Makātīb ʻAbd al-Bahāʼ</subfield></datafield><datafield tag="880" ind1="0" ind2="2"><subfield code="6">700-07/</subfield><subfield code="a">عبد البهاء.</subfield><subfield code="t">مكاتيب.</subfield><subfield code="k">مختارات</subfield></datafield><datafield tag="880" ind1="0" ind2="0"><subfield code="6">245-03/</subfield><subfield code="a">[مدخل الى الفلسفة الحديثة مع مكاتيب عبد البهاء,</subfield><subfield code="f">[193-م؟].</subfield></datafield><datafield tag="CID" ind1=" " ind2=" "><subfield code="a">006819143</subfield></datafield><datafield tag="DAT" ind1="0" ind2=" "><subfield code="a">20190719102639.0</subfield><subfield code="b">20190719000000.0</subfield></datafield><datafield tag="DAT" ind1="1" ind2=" "><subfield code="a">20190719090653.0</subfield><subfield code="b">2019-07-19T16:12:08Z</subfield></datafield><datafield tag="DAT" ind1="2" ind2=" "><subfield code="a">2015-10-02T18:00:03Z</subfield></datafield><datafield tag="CAT" ind1=" " ind2=" "><subfield code="a">SDR-MIU</subfield><subfield code="d">EX LIBRIS - ALEPH</subfield><subfield code="l">prepare.pl-004-008</subfield></datafield><datafield tag="FMT" ind1=" " ind2=" "><subfield code="a">BK</subfield></datafield><datafield tag="HOL" ind1=" " ind2=" "><subfield code="0">sdr-miu006819143</subfield><subfield code="a">MiU</subfield><subfield code="b">SDR</subfield><subfield code="c">MIU</subfield><subfield code="p">mdp.39015079130285</subfield><subfield code="s">MIU</subfield><subfield code="1">006819143</subfield></datafield><datafield tag="974" ind1=" " ind2=" "><subfield code="b">MIU</subfield><subfield code="c">MIU</subfield><subfield code="d">20190719</subfield><subfield code="s">lit-dlps-dc</subfield><subfield code="u">mdp.39015079130285</subfield><subfield code="y">1939</subfield><subfield code="r">ic-world</subfield><subfield code="q">man</subfield></datafield></record></collection>